<?xml version="1.0" encoding="UTF-8"?><record xmlns="http://www.loc.gov/MARC21/slim" xmlns:cinclude="http://apache.org/cocoon/include/1.0" xmlns:zs="http://www.loc.gov/zing/srw/">
  <leader>00561cz  a2200169n  4500</leader>
  <controlfield tag="001">n 2010010269</controlfield>
  <controlfield tag="003">DLC</controlfield>
  <controlfield tag="005">20110311074923.0</controlfield>
  <controlfield tag="008">100223n| acannaabn          |b aaa      </controlfield>
  <datafield tag="010" ind1=" " ind2=" ">
    <subfield code="a">n 2010010269</subfield>
  </datafield>
  <datafield tag="040" ind1=" " ind2=" ">
    <subfield code="a">DLC</subfield>
    <subfield code="b">eng</subfield>
    <subfield code="c">DLC</subfield>
    <subfield code="d">DLC</subfield>
  </datafield>
  <datafield tag="100" ind1="1" ind2=" ">
    <subfield code="a">Cheng, Fabin</subfield>
  </datafield>
  <datafield tag="400" ind1="1" ind2=" ">
    <subfield code="a">程法彬</subfield>
  </datafield>
  <datafield tag="400" ind1="1" ind2=" ">
    <subfield code="a">Cheng, Fabian</subfield>
  </datafield>
  <datafield tag="667" ind1=" " ind2=" ">
    <subfield code="a">Non-Latin script reference not evaluated</subfield>
  </datafield>
  <datafield tag="670" ind1=" " ind2=" ">
    <subfield code="a">Zong lun Taiwan hai xia liang an zhi guan xi, 2005:</subfield>
    <subfield code="b">t.p. (程法彬 = Cheng Fabin)</subfield>
  </datafield>
  <datafield tag="670" ind1=" " ind2=" ">
    <subfield code="a">Tai hai liang an shi shi ping lun ji, 2010:</subfield>
    <subfield code="b">t.p. (程法彬 = Cheng Fabin; Cheng Fabian)</subfield>
  </datafield>
</record>